# Página web (Wikipedia)
@book{rudin1991functional,
  title={Functional Analysis},
  author={Walter Rudin},
  edition={Second},
  year={1991},
  publisher={McGraw-Hill, Inc.}
}

@article{Sandberg1992,
  title={Approximation of Nonlinear Functionals},
  author={Irwin W. Sandberg},
  journal={IEEE Transactions on Circuits and Systems},
  volume={39},
  number={9},
  pages={675--676},
  year={1992},
  publisher={IEEE},
  doi={10.1109/31.156560}
}

@Inbook{Maruyama2018,
author="Maruyama, Toru",
title="Fourier Transforms of Measures",
bookTitle="Fourier Analysis of Economic Phenomena",
year="2018",
publisher="Springer Singapore",
address="Singapore",
pages="121--163",
isbn="978-981-13-2730-8",
doi="10.1007/978-981-13-2730-8_6",
url="https://doi.org/10.1007/978-981-13-2730-8_6"
}

@book{martin2011analisis,
  title={An\'alisis Funcional},
  author={Mart\'in Su\'arez, Miguel},
  year={2011},
  month={December},
  edition={2.0},
  publisher={Universidad de Granada}
}

@book{kothe1979topological,
  title={Topological Vector Spaces},
  author={G. K\"othe},
  publisher={Springer-Verlag},
  year={1979},
  series={Grundlehren der mathematischen Wissenschaften},
  volume={159}
}

@inproceedings{Buric2020,
  author    = {Matija Burić and Marina Ivašić-Kos and Goran Paulin},
  title     = {Object Detection Using Synthesized Data},
  booktitle = {Proceedings of ICT Innovations},
  year      = {2020},
  month     = {April},
  address   = {Ohrid},
  organization = {University of Rijeka},
  note      = {Presented at ICT Innovations, April 2020}
}

@book{goodfellow2016deep,
  title={Deep Learning},
  author={Ian Goodfellow and Yoshua Bengio and Aaron Courville},
  year={2016},
  publisher={MIT Press},
  isbn={978-0262035613}
}

@article{cybenko1989approximation,
  author       = {George Cybenko},
  title        = {Approximation by Superpositions of a Sigmoidal Function},
  journal      = {Mathematics of Control, Signals and Systems},
  volume       = {2},
  number       = {4},
  pages        = {303--314},
  year         = {1989},
  publisher    = {Springer}
}

@mastersthesis{linnainmaa1970representation,
  author       = {Seppo Linnainmaa},
  title        = {The Representation of the Cumulative Rounding Error of an Algorithm as a Taylor Expansion of the Local Rounding Errors},
  school       = {University of Helsinki},
  year         = {1970},
  note         = {Master's Thesis (in Finnish)},
  pages        = {6--7}
}

@article{chen1995universal,
  title={Universal approximation to nonlinear operators by neural networks with arbitrary activation functions and its applications to dynamic systems},
  author={Chen, T. and Chen, H.},
  journal={IEEE Transactions on Neural Networks},
  volume={6},
  number={4},
  pages={911--917},
  year={1995},
  publisher={IEEE}
}

@inproceedings{hendrycks2016gaussian,
  author       = {Dan Hendrycks and Kevin Gimpel},
  title        = {{Gaussian Error Linear Units (GELUs)}},
  booktitle    = {Proceedings of the 33rd International Conference on Machine Learning (ICML)},
  year         = {2016},
  pages        = {10--18}
}

@inproceedings{klambauer2017self,
  title={Self-normalizing neural networks},
  author={Klambauer, G{\"u}nter and Unterthiner, Thomas and Mayr, Andreas and Hochreiter, Sepp},
  booktitle={Advances in Neural Information Processing Systems},
  pages={971--980},
  year={2017}
}


@article{mcculloch1943logical,
  title={A logical calculus of the ideas immanent in nervous activity},
  author={McCulloch, Warren~S. and Pitts, Walter},
  journal={The bulletin of mathematical biophysics},
  volume={5},
  number={4},
  pages={115--133},
  year={1943},
  publisher={Springer}
}

@book{shalev-shwartz2014understanding,
  title={Understanding Machine Learning: From Theory to Algorithms},
  author={Shai Shalev-Shwartz and Shai Ben-David},
  year={2014},
  publisher={Cambridge University Press},
  url= {http://www.cs.huji.ac.il/~shais/UnderstandingMachineLearning}}

@article{Raissi2019,
  author       = {M. Raissi and P. Perdikaris and G.E. Karniadakis},
  title        = {Physics-informed neural networks: A deep learning framework for solving forward and inverse problems involving nonlinear partial differential equations},
  journal      = {Journal of Computational Physics},
  volume       = {378},
  pages        = {686--707},
  year         = {2019},
  doi          = {10.1016/j.jcp.2018.10.045},
  url          = {http://dx.doi.org/10.1016/j.jcp.2018.10.045}
}

@article{Hornik1989,
  author       = {K. Hornik and M. Stinchcombe and H. White},
  title        = {Multilayer feedforward networks are universal approximators},
  journal      = {Neural Networks},
  volume       = {2},
  number       = {5},
  pages        = {359--366},
  year         = {1989},
  doi          = {10.1016/0893-6080(89)90020-8},
}

@article{Baydin2015,
  author       = {A.G. Baydin and B.A. Pearlmutter and A.A. Radul and J.M. Siskind},
  title        = {Automatic differentiation in machine learning: a survey},
  journal      = {The Journal of Machine Learning Research},
  volume       = {18},
  number       = {1},
  pages        = {5595--5637},
  doi          = {10.5555/3122009.3242010},
  year         = {2018},
}

@article{Haghighat2021,
  author       = {E. Haghighat and R. Juanes},
  title        = {{SciANN: A Keras/TensorFlow wrapper for scientific computations and physics-informed deep learning using artificial neural networks}},
  journal      = {Computer Methods in Applied Mechanics and Engineering},
  volume       = {373},
  year         = {2021},
  doi          = {10.1016/j.cma.2020.113552},
}

@article{Raissi2018,
  author    = {M. Raissi},
  title     = {Deep hidden physics models: Deep learning of nonlinear partial differential equations},
  journal   = {Journal of Machine Learning Research},
  volume    = {19},
  year      = {2018},
  pages     = {1--24}
}

@article{lu2024deeponet,
  title={{DeepONet}: Learning nonlinear operators for identifying differential equations based on the universal approximation theorem of operators},
  author={Lu, Lu and Jin, Pengzhan and Karniadakis, George Em},
  journal={Journal of Applied Mathematics},
  volume={42},
  number={3},
  pages={123-~-145},
  year={2019},
  publisher={Springer}
}

# Tesis
@phdthesis{CitekeyPhdthesis,
  author  = {Rempel, Robert Charles},
  title   = {Relaxation Effects for Coupled Nuclear Spins},
  school  = {Stanford University},
  address = {Stanford, CA},
  year    = 1956,
  month   = jun
}

# Trabajo fin de máster
@mastersthesis{CitekeyMastersthesis,
  author  = {Jian Tang},
  title   = {Spin structure of the nucleon in the asymptotic limit},
  school  = {Massachusetts Institute of Technology},
  year    = 1996,
  address = {Cambridge, MA},
  month   = sep
}

# Trabajo fin de grado
@thesis{CiteKeyBachelorsthesis,
  author  = {Doe, John},
  title   = {Are we living in a simulation?},
  school  = {Massachusetts Institute of Technology},
  year    = 2003,
  address = {Cambridge, MA},
  month   = jul,
  type    = {Bachelor's Thesis},
  note    = {Bacherlo's Thesis, Massachusetts Institute of Technology, Cambridge, MA.}
}

# Artículo no publicado
@misc{castroinfantes2022conjugate,
  title         =  {Conjugate Plateau constructions in product spaces}, 
  author        =  {Jesús Castro-Infantes and José~M. Manzano and Francisco Torralbo},
  year          =  {2022},
  eprint        =  {2203.13162},
  archivePrefix =  {arXiv},
  primaryClass  =  {math.DG},
  note          =  {Preprint. arXiv: 2203.13162 [math.DG]}
}
